<record><leader>00000cas a22000007a 4500</leader><controlfield tag="001">36975504</controlfield><controlfield tag="008">970528d19651974cauir ne      0    0eng d</controlfield><datafield ind1=" " ind2=" " tag="010"><subfield code="a">sn 97060405 </subfield></datafield><datafield ind1=" " ind2=" " tag="040"><subfield code="a">CNK</subfield><subfield code="b">eng</subfield><subfield code="c">CNK</subfield><subfield code="d">OCLCQ</subfield><subfield code="d">OCLCF</subfield><subfield code="d">OCLCO</subfield></datafield><datafield ind1="1" ind2=" " tag="029"><subfield code="a">AU@</subfield><subfield code="b">000024824199</subfield></datafield><datafield ind1=" " ind2=" " tag="042"><subfield code="a">msc</subfield></datafield><datafield ind1="0" ind2=" " tag="130"><subfield code="a">Antelope Valley press (Lancaster, Calif. : North Valley ed.)</subfield></datafield><datafield ind1="0" ind2="0" tag="245"><subfield code="a">Antelope Valley press.</subfield></datafield><datafield ind1="3" ind2=" " tag="246"><subfield code="a">Valley press</subfield></datafield><datafield ind1=" " ind2=" " tag="250"><subfield code="a">North Valley ed.</subfield></datafield><datafield ind1=" " ind2=" " tag="260"><subfield code="a">[Lancaster, Calif. :</subfield><subfield code="b">s.n.]</subfield></datafield><datafield ind1=" " ind2=" " tag="300"><subfield code="a">v.</subfield></datafield><datafield ind1=" " ind2=" " tag="310"><subfield code="a">Three times a week,</subfield><subfield code="b">Sept. 1969-Oct. 1974</subfield></datafield><datafield ind1=" " ind2=" " tag="321"><subfield code="a">Semiweekly,</subfield><subfield code="b">Apr. 1965-Sept. 1969</subfield></datafield><datafield ind1="0" ind2=" " tag="362"><subfield code="a">49th year, no. 98 (Apr. 29, 1965)-59th year, no. 84 (Oct. 31, 1974).</subfield></datafield><datafield ind1=" " ind2=" " tag="500"><subfield code="a">"Antelope" appears in small print above "Valley press."</subfield></datafield><datafield ind1=" " ind2="0" tag="651"><subfield code="a">Antelope Valley (Calif.)</subfield><subfield code="v">Newspapers.</subfield></datafield><datafield ind1=" " ind2="7" tag="655"><subfield code="a">Newspapers.</subfield><subfield code="2">fast</subfield><subfield code="0">(OCoLC)fst01423814</subfield></datafield><datafield ind1=" " ind2="7" tag="651"><subfield code="a">California</subfield><subfield code="z">Antelope Valley.</subfield><subfield code="2">fast</subfield><subfield code="0">(OCoLC)fst01239995</subfield></datafield><datafield ind1=" " ind2=" " tag="752"><subfield code="a">United States</subfield><subfield code="b">California</subfield><subfield code="c">Los Angeles</subfield><subfield code="d">Lancaster.</subfield></datafield><datafield ind1="0" ind2=" " tag="775"><subfield code="t">Antelope Valley press</subfield><subfield code="w">(DLC)sn 82002496</subfield></datafield></record>